
@Manual{Rks,
    title = {ks: Kernel Smoothing},
    author = {Tarn Duong},
    year = {2022},
    note = {R package version 1.13.5},
    url = {https://CRAN.R-project.org/package=ks},
}


@Manual{Rbshazard,
    title = {bshazard: Nonparametric Smoothing of the Hazard Function},
    author = {Paola Rebora,Agus Salim and Marie Reilly},
    year = {2018},
    note = {R package version 1.1},
    url = {https://CRAN.R-project.org/package=bshazard},
}


@Manual{Rldbounds,
    title = {ldbounds: {Lan-DeMets} Method for Group Sequential Boundaries},
    author = {Charlie Casper and Thomas Cook and Oscar A. Perez.},
    year = {2022},
    note = {R package version 2.0.0. Based on FORTRAN program ld98.},
    url = {https://CRAN.R-project.org/package=ldbounds},
}

@Manual{Rggsankey,
    title = {ggsankey: Sankey, Alluvial and Sankey Bump Plots},
    author = {David Sjoberg},
    year = {2022},
    note = {R package version 0.0.99999},
    url = {https://github.com/davidsjoberg/ggsankey}
}

@Book{
   Rggplot2,
    author = {Hadley Wickham},
    title = {ggplot2: Elegant Graphics for Data Analysis},
    publisher = {Springer-Verlag New York},
    year = {2016},
    isbn = {978-3-319-24277-4},
    url = {https://ggplot2.tidyverse.org},
}

@Manual{Ripdfromkm,
    title = {IPDfromKM: Map Digitized Survival Curves Back to Individual Patient Data},
    author = {Na Liu and J.Jack Lee},
    year = {2020},
    note = {R package version 0.1.10},
    url = {https://CRAN.R-project.org/package=IPDfromKM},
}



@Manual{
    Rdplyr,
    title = {dplyr: A Grammar of Data Manipulation},
    author = {Hadley Wickham and Romain François and Lionel Henry and Kirill Müller},
    year = {2022},
    note = {R package version 1.0.10},
    url = {https://CRAN.R-project.org/package=dplyr},
}

@Book{Rsurvivalbook,
    title = {Modeling Survival Data: Extending the {C}ox Model},
    author = {{Terry M. Therneau} and {Patricia M. Grambsch}},
    year = {2000},
    publisher = {Springer},
    address = {New York},
    isbn = {0-387-98784-3},
}



@manual{Rsurvminer,
    title = {survminer: Drawing Survival Curves using 'ggplot2'},
    author = {Alboukadel Kassambara and Marcin Kosinski and Przemyslaw Biecek},
    year = {2021},
    note = {R package version 0.4.9},
    url = {https://CRAN.R-project.org/package=survminer},
}

@manual{Rlang,
    title = {{R}: A Language and Environment for Statistical Computing},
    author = {{R Core Team}},
    organization = {R Foundation for Statistical Computing},
    address = {Vienna, Austria},
    year = {2022},
    url = {https://www.R-project.org/},
}

@article{Eddelbuettel2011,
    title = {{Rcpp}: Seamless {R} and {C++} Integration},
    author = {Dirk Eddelbuettel and Romain Fran\c{c}ois},
    journal = {Journal of Statistical Software},
    year = {2011},
    volume = {40},
    number = {8},
    pages = {1--18},
    doi = {10.18637/jss.v040.i08},
}

@article{Chen2019,
  doi = {10.1007/s10120-019-01034-7},
  url = {https://doi.org/10.1007/s10120-019-01034-7},
  year = {2019},
  month = dec,
  publisher = {Springer Science and Business Media {LLC}},
  volume = {23},
  number = {3},
  pages = {510--519},
  author = {Li-Tzong Chen and Taroh Satoh and Min-Hee Ryu and Yee Chao and Ken Kato and Hyun Cheol Chung and Jen-Shi Chen and Kei Muro and Won Ki Kang and Kun-Huei Yeh and Takaki Yoshikawa and Sang Cheul Oh and Li-Yuan Bai and Takao Tamura and Keun-Wook Lee and Yasuo Hamamoto and Jong Gwang Kim and Keisho Chin and Do-Youn Oh and Keiko Minashi and Jae Yong Cho and Masahiro Tsuda and Hiroki Sameshima and Yoon-Koo Kang and Narikazu Boku},
  title = {A phase 3 study of nivolumab in previously treated advanced gastric or gastroesophageal junction cancer ({ATTRACTION}-2): 2-year update data},
  journal = {Gastric Cancer}
}


@article{Hellmann2019,
  doi = {10.1056/nejmoa1910231},
  url = {https://doi.org/10.1056/nejmoa1910231},
  year = {2019},
  month = nov,
  publisher = {Massachusetts Medical Society},
  volume = {381},
  number = {21},
  pages = {2020--2031},
  author = {Matthew D. Hellmann and Luis Paz-Ares and Reyes Bernabe Caro and Bogdan Zurawski and Sang-We Kim and Enric Carcereny Costa and Keunchil Park and Aurelia Alexandru and Lorena Lupinacci and Emmanuel de la Mora Jimenez and Hiroshi Sakai and Istvan Albert and Alain Vergnenegre and Solange Peters and Konstantinos Syrigos and Fabrice Barlesi and Martin Reck and Hossein Borghaei and Julie R. Brahmer and Kenneth J. O'Byrne and William J. Geese and Prabhu Bhagavatheeswaran and Sridhar K. Rabindran and Ravi S. Kasinathan and Faith E. Nathan and Suresh S. Ramalingam},
  title = {Nivolumab plus Ipilimumab in Advanced Non{\textendash}Small-Cell Lung Cancer},
  journal = {New England Journal of Medicine}
}

@article{Baas2021,
  doi = {10.1016/s0140-6736(20)32714-8},
  url = {https://doi.org/10.1016/s0140-6736(20)32714-8},
  year = {2021},
  month = jan,
  publisher = {Elsevier {BV}},
  volume = {397},
  number = {10272},
  pages = {375--386},
  author = {Paul Baas and Arnaud Scherpereel and Anna K Nowak and Nobukazu Fujimoto and Solange Peters and Anne S Tsao and Aaron S Mansfield and Sanjay Popat and Thierry Jahan and Scott Antonia and Youssef Oulkhouir and Yolanda Bautista and Robin Cornelissen and Laurent Greillier and Francesco Grossi and Dariusz Kowalski and Jer{\'{o}}nimo Rodr{\'{\i}}guez-Cid and Praveen Aanur and Abderrahim Oukessou and Christine Baudelet and G{\'{e}}rard Zalcman},
  title = {First-line nivolumab plus ipilimumab in unresectable malignant pleural mesothelioma ({CheckMate} 743): a multicentre,  randomised,  open-label,  phase 3 trial},
  journal = {The Lancet}
}


@article{Sisson2007,
  doi = {10.1073/pnas.0607208104},
  url = {https://doi.org/10.1073/pnas.0607208104},
  year = {2007},
  month = feb,
  publisher = {Proceedings of the National Academy of Sciences},
  volume = {104},
  number = {6},
  pages = {1760--1765},
  author = {S. A. Sisson and Y. Fan and Mark M. Tanaka},
  title = {Sequential Monte Carlo without likelihoods},
  journal = {Proceedings of the National Academy of Sciences}
}

@article{Agur2010,
  doi = {10.2217/fon.10.61},
  url = {https://doi.org/10.2217/fon.10.61},
  year = {2010},
  month = jun,
  publisher = {Future Medicine Ltd},
  volume = {6},
  number = {6},
  pages = {917--927},
  author = {Zvia Agur},
  title = {From the evolution of toxin resistance to virtual clinical trials: the role of mathematical models in oncology},
  journal = {Future Oncology}
}

@article{Valitalo2015,
  doi = {10.1093/jac/dkv052},
  url = {https://doi.org/10.1093/jac/dkv052},
  year = {2015},
  month = mar,
  publisher = {Oxford University Press ({OUP})},
  volume = {70},
  number = {7},
  pages = {2074--2077},
  author = {Pyry A. J. Valitalo and John N. van den Anker and Karel Allegaert and Roosmarijn F. W. de Cock and Matthijs de Hoog and Sinno H. P. Simons and Johan W. Mouton and Catherijne A. J. Knibbe},
  title = {Novel model-based dosing guidelines for gentamicin and tobramycin in preterm and term neonates},
  journal = {Journal of Antimicrobial Chemotherapy}
}

@article{Gupta2015,
 title={Personalized cancer immunotherapy using Systems Medicine approaches},
 volume={17},
 ISSN={1477-4054},
 url={http://dx.doi.org/10.1093/bib/bbv046},
 DOI={10.1093/bib/bbv046},
 number={3},
 journal={Briefings in Bioinformatics},
 publisher={Oxford University Press (OUP)},
 author={Gupta, Shailendra K. and Jaitly, Tanushree and Schmitz, Ulf and Schuler, Gerold and Wolkenhauer, Olaf and Vera, Julio},
 year={2015},
 month={Jul},
 pages={453–467} }

@misc{
	BIO2021,
	title={Clinical Development Success Rates and Contributing Factors},
	year={2021},
	author={BIO, Informa Pharma Intelligence, QLS Advisors},
	howpublished={https://www.bio.org/clinical-development-success-rates-and-contributing-factors-2011-2020}
}

@article{Xu2016,
 title={Designing therapeutic cancer vaccine trials with delayed treatment effect},
 volume={36},
 ISSN={0277-6715},
 url={http://dx.doi.org/10.1002/sim.7157},
 DOI={10.1002/sim.7157},
 number={4},
 journal={Statistics in Medicine},
 publisher={Wiley},
 author={Xu, Zhenzhen and Zhen, Boguang and Park, Yongsoek and Zhu, Bin},
 year={2016},
 month={Nov},
 pages={592–605} }

@article{
Royston2013,
 title={Restricted mean survival time: an alternative to the hazard ratio for the design and analysis of randomized trials with a time-to-event outcome},
 volume={13},
 ISSN={1471-2288},
 url={http://dx.doi.org/10.1186/1471-2288-13-152},
 DOI={10.1186/1471-2288-13-152},
 number={1},
 journal={BMC Medical Research Methodology},
 publisher={Springer Science and Business Media LLC},
 author={Royston, Patrick and Parmar, Mahesh KB},
 year={2013},
 month={Dec}
}

@article{Chen2018,
 title={Designing Late-Stage Randomized Clinical Trials with Cancer Immunotherapy: Can We Make It Simpler?},
 volume={6},
 ISSN={2326-6074},
 url={http://dx.doi.org/10.1158/2326-6066.CIR-17-0465},
 DOI={10.1158/2326-6066.cir-17-0465},
 number={3},
 journal={Cancer Immunology Research},
 publisher={American Association for Cancer Research (AACR)},
 author={Chen, Tai-Tsang},
 year={2018},
 month={Feb},
 pages={250–254} }


@article{Sha2020,
 title={Tumor Mutational Burden as a Predictive Biomarker in Solid Tumors},
 volume={10},
 ISSN={2159-8290},
 url={http://dx.doi.org/10.1158/2159-8290.CD-20-0522},
 DOI={10.1158/2159-8290.cd-20-0522},
 number={12},
 journal={Cancer Discovery},
 publisher={American Association for Cancer Research (AACR)},
 author={Sha, Dan and Jin, Zhaohui and Budczies, Jan and Kluck, Klaus and Stenzinger, Albrecht and Sinicrope, Frank A.},
 year={2020},
 month={Dec},
 pages={1808–1825} }

@article{Patel2015,
 title={PD-L1 Expression as a Predictive Biomarker in Cancer Immunotherapy},
 volume={14},
 ISSN={1538-8514},
 url={http://dx.doi.org/10.1158/1535-7163.MCT-14-0983},
 DOI={10.1158/1535-7163.mct-14-0983},
 number={4},
 journal={Molecular Cancer Therapeutics},
 publisher={American Association for Cancer Research (AACR)},
 author={Patel, Sandip Pravin and Kurzrock, Razelle},
 year={2015},
 month={Apr},
 pages={847–856}
}

@article{Dudley2016,
 title={Microsatellite Instability as a Biomarker for PD-1 Blockade},
 volume={22},
 ISSN={1557-3265},
 url={http://dx.doi.org/10.1158/1078-0432.CCR-15-1678},
 DOI={10.1158/1078-0432.ccr-15-1678},
 number={4},
 journal={Clinical Cancer Research},
 publisher={American Association for Cancer Research (AACR)},
 author={Dudley, Jonathan C. and Lin, Ming-Tseh and Le, Dung T. and Eshleman, James R.},
 year={2016},
 month={Feb},
 pages={813–820} }

@article{Chan2019,
 title={Development of tumor mutation burden as an immunotherapy biomarker: utility for the oncology clinic},
 volume={30},
 ISSN={0923-7534},
 url={http://dx.doi.org/10.1093/annonc/mdy495},
 DOI={10.1093/annonc/mdy495},
 number={1},
 journal={Annals of Oncology},
 publisher={Elsevier BV},
 author={Chan, T.A. and Yarchoan, M. and Jaffee, E. and Swanton, C. and Quezada, S.A. and Stenzinger, A. and Peters, S.},
 year={2019},
 month={Jan},
 pages={44–56}
}

@article{Kaufman2017,
 title={Durable response rate as an endpoint in cancer immunotherapy: insights from oncolytic virus clinical trials},
 volume={5},
 ISSN={2051-1426},
 url={http://dx.doi.org/10.1186/s40425-017-0276-8},
 DOI={10.1186/s40425-017-0276-8},
 number={1},
 journal={Journal for ImmunoTherapy of Cancer},
 publisher={BMJ},
 author={Kaufman, Howard L. and Andtbacka, Robert H. I. and Collichio, Frances A. and Wolf, Michael and Zhao, Zhongyun and Shilkrut, Mark and Puzanov, Igor and Ross, Merrick},
 year={2017},
 month={Sep}
}

@article{Chen2015,
 title={Milestone Survival: A Potential Intermediate Endpoint for Immune Checkpoint Inhibitors},
 volume={107},
 ISSN={1460-2105},
 url={http://dx.doi.org/10.1093/jnci/djv156},
 DOI={10.1093/jnci/djv156},
 number={9},
 journal={Journal of the National Cancer Institute},
 publisher={Oxford University Press (OUP)},
 author={Chen, Tai-Tsang},
 year={2015},
 month={Jun},
 pages={djv156}
}

@article{Mushti2018,
 title={Evaluation of Overall Response Rate and Progression-Free Survival as Potential Surrogate Endpoints for Overall Survival in Immunotherapy Trials},
 volume={24},
 ISSN={1557-3265},
 url={http://dx.doi.org/10.1158/1078-0432.CCR-17-1902},
 DOI={10.1158/1078-0432.ccr-17-1902},
 number={10},
 journal={Clinical Cancer Research},
 publisher={American Association for Cancer Research (AACR)},
 author={Mushti, Sirisha L. and Mulkey, Flora and Sridhara, Rajeshwari},
 year={2018},
 month={May},
 pages={2268–2275} }

@article{Anagnostou2017,
 title={Immuno-oncology Trial Endpoints: Capturing Clinically Meaningful Activity},
 volume={23},
 ISSN={1557-3265},
 url={http://dx.doi.org/10.1158/1078-0432.CCR-16-3065},
 DOI={10.1158/1078-0432.ccr-16-3065},
 number={17},
 journal={Clinical Cancer Research},
 publisher={American Association for Cancer Research (AACR)},
 author={Anagnostou, Valsamo and Yarchoan, Mark and Hansen, Aaron R. and Wang, Hao and Verde, Franco and Sharon, Elad and Collyar, Deborah and Chow, Laura Q.M. and Forde, Patrick M.},
 year={2017},
 month={Aug},
 pages={4959–4969} }

@article{Rahman2019,
 title={Deviation from the Proportional Hazards Assumption in Randomized Phase 3 Clinical Trials in Oncology: Prevalence, Associated Factors, and Implications},
 volume={25},
 ISSN={1557-3265},
 url={http://dx.doi.org/10.1158/1078-0432.CCR-18-3999},
 DOI={10.1158/1078-0432.ccr-18-3999},
 number={21},
 journal={Clinical Cancer Research},
 publisher={American Association for Cancer Research (AACR)},
 author={Rahman, Rifaquat and Fell, Geoffrey and Ventz, Steffen and Arfé, Andrea and Vanderbeek, Alyssa M. and Trippa, Lorenzo and Alexander, Brian M.},
 year={2019},
 month={Nov},
 pages={6339–6345}
}

@article{Chen2013,
 title={Statistical issues and challenges in immuno-oncology},
 volume={1},
 ISSN={2051-1426},
 url={http://dx.doi.org/10.1186/2051-1426-1-18},
 DOI={10.1186/2051-1426-1-18},
 number={1},
 journal={Journal for ImmunoTherapy of Cancer},
 publisher={BMJ},
 author={Chen, Tai-Tsang},
 year={2013},
 month={Oct}
}

@article{Li2020,
 title={Clinical trial design: Past, present, and future in the context of big data and precision medicine},
 volume={126},
 ISSN={1097-0142},
 url={http://dx.doi.org/10.1002/cncr.33205},
 DOI={10.1002/cncr.33205},
 number={22},
 journal={Cancer},
 publisher={Wiley},
 author={Li, Allen and Bergan, Raymond C.},
 year={2020},
 month={Sep},
 pages={4838–4846} 
}

@article{Seymour2017,
 title={iRECIST: guidelines for response criteria for use in trials testing immunotherapeutics},
 volume={18},
 ISSN={1470-2045},
 url={http://dx.doi.org/10.1016/S1470-2045(17)30074-8},
 DOI={10.1016/s1470-2045(17)30074-8},
 number={3},
 journal={The Lancet Oncology},
 publisher={Elsevier BV},
 author={Seymour, Lesley and Bogaerts, Jan and Perrone, Andrea and Ford, Robert and Schwartz, Lawrence H and Mandrekar, Sumithra and Lin, Nancy U and Litière, Saskia and Dancey, Janet and Chen, Alice and Hodi, F Stephen and Therasse, Patrick and Hoekstra, Otto S and Shankar, Lalitha K and Wolchok, Jedd D and Ballinger, Marcus and Caramella, Caroline and de Vries, Elisabeth G E},
 year={2017},
 month={Mar},
 pages={e143–e152} }

@article{
 Hoos2010,
 title={Improved Endpoints for Cancer Immunotherapy Trials},
 volume={102},
 ISSN={1460-2105},
 url={http://dx.doi.org/10.1093/jnci/djq310},
 DOI={10.1093/jnci/djq310},
 number={18},
 journal={JNCI Journal of the National Cancer Institute},
 publisher={Oxford University Press (OUP)},
 author={Hoos, A. and Eggermont, A. M. M. and Janetzki, S. and Hodi, F. S. and Ibrahim, R. and Anderson, A. and Humphrey, R. and Blumenstein, B. and Old, L. and Wolchok, J.},
 year={2010},
 month={Sep},
 pages={1388–1397}
}

@article{Wolchok2009,
 title={Guidelines for the Evaluation of Immune Therapy Activity in Solid Tumors: Immune-Related Response Criteria},
 volume={15},
 ISSN={1557-3265},
 url={http://dx.doi.org/10.1158/1078-0432.CCR-09-1624},
 DOI={10.1158/1078-0432.ccr-09-1624},
 number={23},
 journal={Clinical Cancer Research},
 publisher={American Association for Cancer Research (AACR)},
 author={Wolchok, Jedd D. and Hoos, Axel and O’Day, Steven and Weber, Jeffrey S. and Hamid, Omid and Lebbé, Celeste and Maio, Michele and Binder, Michael and Bohnsack, Oliver and Nichol, Geoffrey and Humphrey, Rachel and Hodi, F. Stephen},
 year={2009},
 month={Nov},
 pages={7412–7420} 
}

@article{Hodi2018,
 title={Immune-Modified Response Evaluation Criteria In Solid Tumors (imRECIST): Refining Guidelines to Assess the Clinical Benefit of Cancer Immunotherapy},
 volume={36},
 ISSN={1527-7755},
 url={http://dx.doi.org/10.1200/JCO.2017.75.1644},
 DOI={10.1200/jco.2017.75.1644},
 number={9},
 journal={Journal of Clinical Oncology},
 publisher={American Society of Clinical Oncology (ASCO)},
 author={Hodi, F. Stephen and Ballinger, Marcus and Lyons, Benjamin and Soria, Jean-Charles and Nishino, Mizuki and Tabernero, Josep and Powles, Thomas and Smith, David and Hoos, Axel and McKenna, Chris and Beyer, Ulrich and Rhee, Ina and Fine, Gregg and Winslow, Nathan and Chen, Daniel S. and Wolchok, Jedd D.},
 year={2018},
 month={Mar},
 pages={850–858}
}

@article{Mick2015,
 title={Statistical Challenges in the Design of Late-Stage Cancer Immunotherapy Studies},
 volume={3},
 ISSN={2326-6074},
 url={http://dx.doi.org/10.1158/2326-6066.CIR-15-0260},
 DOI={10.1158/2326-6066.cir-15-0260},
 number={12},
 journal={Cancer Immunology Research},
 publisher={American Association for Cancer Research (AACR)},
 author={Mick, Rosemarie and Chen, Tai-Tsang},
 year={2015},
 month={Dec},
 pages={1292–1298} }

@article{
Cousin2018,
 title={Toxicity profiles of immunotherapy},
 volume={181},
 ISSN={0163-7258},
 url={http://dx.doi.org/10.1016/j.pharmthera.2017.07.005},
 DOI={10.1016/j.pharmthera.2017.07.005},
 journal={Pharmacology \& Therapeutics},
 publisher={Elsevier BV},
 author={Cousin, S. and Seneschal, J. and Italiano, A.},
 year={2018},
 month={Jan},
 pages={91–100}
}

@article{Borghans1996,
 title={Extending the quasi-steady state approximation by changing variables},
 volume={58},
 ISSN={1522-9602},
 url={http://dx.doi.org/10.1007/BF02458281},
 DOI={10.1007/bf02458281},
 number={1},
 journal={Bulletin of Mathematical Biology},
 publisher={Springer Science and Business Media LLC},
 author={Borghans, José A. M. and de Boer, Rob J. and Segel, Lee A.},
 year={1996},
 month={Jan},
 pages={43–63}
}

@article{
Gadhamsetty2014,
 title={A General Functional Response of Cytotoxic T Lymphocyte-Mediated Killing of Target Cells},
 volume={106},
 ISSN={0006-3495},
 url={http://dx.doi.org/10.1016/j.bpj.2014.01.048},
 DOI={10.1016/j.bpj.2014.01.048},
 number={8},
 journal={Biophysical Journal},
 publisher={Elsevier BV},
 author={Gadhamsetty, Saikrishna and Marée, Athanasius F.M. and Beltman, Joost B. and de Boer, Rob J.},
 year={2014},
 month={Apr},
 pages={1780–1791}
}

@article{Weigelin2021,
 title={Cytotoxic T cells are able to efficiently eliminate cancer cells by additive cytotoxicity},
 volume={12},
 ISSN={2041-1723},
 url={http://dx.doi.org/10.1038/s41467-021-25282-3},
 DOI={10.1038/s41467-021-25282-3},
 number={1},
 journal={Nature Communications},
 publisher={Springer Science and Business Media LLC},
 author={Weigelin, Bettina and den Boer, Annemieke Th. and Wagena, Esther and Broen, Kelly and Dolstra, Harry and de Boer, Rob J. and Figdor, Carl G. and Textor, Johannes and Friedl, Peter},
 year={2021},
 month={Sep} }

@article{Hansen2001,
 title={Completely Derandomized Self-Adaptation in Evolution Strategies},
 volume={9},
 ISSN={1530-9304},
 url={http://dx.doi.org/10.1162/106365601750190398},
 DOI={10.1162/106365601750190398},
 number={2},
 journal={Evolutionary Computation},
 publisher={MIT Press - Journals},
 author={Hansen, Nikolaus and Ostermeier, Andreas},
 year={2001},
 month={Jun},
 pages={159–195} }

@article{Craig2020,
 title={Engineering in Medicine To Address the Challenge of Cancer Drug Resistance: From Micro- and Nanotechnologies to Computational and Mathematical Modeling},
 volume={121},
 ISSN={1520-6890},
 url={http://dx.doi.org/10.1021/acs.chemrev.0c00356},
 DOI={10.1021/acs.chemrev.0c00356},
 number={6},
 journal={Chemical Reviews},
 publisher={American Chemical Society (ACS)},
 author={Craig, Morgan and Jenner, Adrianne L. and Namgung, Bumseok and Lee, Luke P. and Goldman, Aaron},
 year={2020},
 month={Nov},
 pages={3352–3389} }

@article{dePillis2014,
 title={Modeling cancer-immune responses to therapy},
 volume={41},
 ISSN={1573-8744},
 url={http://dx.doi.org/10.1007/s10928-014-9386-9},
 DOI={10.1007/s10928-014-9386-9},
 number={5},
 journal={Journal of Pharmacokinetics and Pharmacodynamics},
 publisher={Springer Science and Business Media LLC},
 author={dePillis, L. G. and Eladdadi, A. and Radunskaya, A. E.},
 year={2014},
 month={Oct},
 pages={461–478} }

@article{Agur2016,
 title={Employing dynamical computational models for personalizing cancer immunotherapy},
 volume={16},
 ISSN={1744-7682},
 url={http://dx.doi.org/10.1080/14712598.2016.1223622},
 DOI={10.1080/14712598.2016.1223622},
 number={11},
 journal={Expert Opinion on Biological Therapy},
 publisher={Informa UK Limited},
 author={Agur, Zvia and Halevi-Tobias, Karin and Kogan, Yuri and Shlagman, Ofer},
 year={2016},
 month={Aug},
 pages={1373–1385} }

@article{Moreno2016,
  doi = {10.1016/j.clcc.2015.07.004},
  url = {https://doi.org/10.1016/j.clcc.2015.07.004},
  year = {2016},
  month = mar,
  publisher = {Elsevier {BV}},
  volume = {15},
  number = {1},
  pages = {67--73},
  author = {Courtney C. Moreno and Pardeep K. Mittal and Patrick S. Sullivan and Robin Rutherford and Charles A. Staley and Kenneth Cardona and Natalyn N. Hawk and W. Thomas Dixon and Hiroumi D. Kitajima and Jian Kang and William C. Small and John Oshinski and John R. Votaw},
  title = {Colorectal Cancer Initial Diagnosis: Screening Colonoscopy,  Diagnostic Colonoscopy,  or Emergent Surgery,  and Tumor Stage and Size at Initial Presentation},
  journal = {Clinical Colorectal Cancer}
}

@article{Ball2013,
  doi = {10.1016/j.radonc.2012.12.003},
  url = {https://doi.org/10.1016/j.radonc.2012.12.003},
  year = {2013},
  month = mar,
  publisher = {Elsevier {BV}},
  volume = {106},
  number = {3},
  pages = {305--311},
  author = {David L. Ball and Richard J. Fisher and Bryan H. Burmeister and Michael G. Poulsen and Peter H. Graham and Michael G. Penniment and Shalini K. Vinod and Hedley E. Krawitz and David J. Joseph and Greg C. Wheeler and Bev E. McClure},
  title = {The complex relationship between lung tumor volume and survival in patients with non-small cell lung cancer treated by definitive radiotherapy: A prospective,  observational prognostic factor study of the Trans-Tasman Radiation Oncology Group ({TROG} 99.05)},
  journal = {Radiotherapy and Oncology}
}

@article{Zastrow2014,
  doi = {10.1159/000356325},
  url = {https://doi.org/10.1159/000356325},
  year = {2014},
  publisher = {S. Karger {AG}},
  volume = {92},
  number = {4},
  pages = {462--467},
  author = {Stefan Zastrow and Anh Phuong and Immanuel von Bar and Vladimir Novotny and Oliver W. Hakenberg and Manfred P. Wirth},
  title = {Primary Tumor Size in Renal Cell Cancer in Relation to the Occurrence of Synchronous Metastatic Disease},
  journal = {Urologia Internationalis}
}

@Article{pmid33948349,
   Author="Delgado, A.  and Guddati, A. K. ",
   Title="{{C}linical endpoints in oncology - a primer}",
   Journal="Am J Cancer Res",
   Year="2021",
   Volume="11",
   Number="4",
   Pages="1121--1131"
}

@article{Yates2020,
 title={Opportunities for Quantitative Translational Modeling in Oncology},
 volume={108},
 ISSN={1532-6535},
 url={http://dx.doi.org/10.1002/cpt.1963},
 DOI={10.1002/cpt.1963},
 number={3},
 journal={Clinical Pharmacology \& Therapeutics},
 publisher={Wiley},
 author={Yates, James W.T. and Byrne, Helen and Chapman, Sonya C. and Chen, Tao and Cucurull-Sanchez, Lourdes and Delgado-SanMartin, Juan and Di Veroli, Giovanni and Dovedi, Simon J. and Dunlop, Carina and Jena, Rajesh and Jodrell, Duncan and Martin, Emma and Mercier, Francois and Ramos-Montoya, Antonio and Struemper, Herbert and Vicini, Paolo},
 year={2020},
 month={Jul},
 pages={447–457} }

@article{Brown2018,
 title={Applications of mechanistic modelling to clinical and experimental immunology: an emerging technology to accelerate immunotherapeutic discovery and development},
 volume={193},
 ISSN={1365-2249},
 url={http://dx.doi.org/10.1111/cei.13182},
 DOI={10.1111/cei.13182},
 number={3},
 journal={Clinical and Experimental Immunology},
 publisher={Oxford University Press (OUP)},
 author={Brown, L V and Gaffney, E A and Wagg, J and Coles, M C},
 year={2018},
 month={Sep},
 pages={284–292} }

@article{Konstorum2017,
 title={Addressing current challenges in cancer immunotherapy with mathematical and computational modelling},
 volume={14},
 ISSN={1742-5662},
 url={http://dx.doi.org/10.1098/rsif.2017.0150},
 DOI={10.1098/rsif.2017.0150},
 number={131},
 journal={Journal of The Royal Society Interface},
 publisher={The Royal Society},
 author={Konstorum, Anna and Vella, Anthony T. and Adler, Adam J. and Laubenbacher, Reinhard C.},
 year={2017},
 month={Jun},
 pages={20170150}
}

@article{Coletti2021,
 title={Modeling the effect of immunotherapies on human castration-resistant prostate cancer},
 volume={509},
 ISSN={0022-5193},
 url={http://dx.doi.org/10.1016/j.jtbi.2020.110500},
 DOI={10.1016/j.jtbi.2020.110500},
 journal={Journal of Theoretical Biology},
 publisher={Elsevier BV},
 author={Coletti, Roberta and Pugliese, Andrea and Marchetti, Luca},
 year={2021},
 month={Jan},
 pages={110500} }

@article{Tsur2019,
 title={Predicting response to pembrolizumab in metastatic melanoma by a new personalization algorithm},
 volume={17},
 ISSN={1479-5876},
 url={http://dx.doi.org/10.1186/s12967-019-2081-2},
 DOI={10.1186/s12967-019-2081-2},
 number={1},
 journal={Journal of Translational Medicine},
 publisher={Springer Science and Business Media LLC},
 author={Tsur, Neta and Kogan, Yuri and Avizov-Khodak, Evgenia and Vaeth, Désirée and Vogler, Nils and Utikal, Jochen and Lotem, Michal and Agur, Zvia},
 year={2019},
 month={Oct} }

@article{Butner2020,
 title={Mathematical prediction of clinical outcomes in advanced cancer patients treated with checkpoint inhibitor immunotherapy},
 volume={6},
 ISSN={2375-2548},
 url={http://dx.doi.org/10.1126/sciadv.aay6298},
 DOI={10.1126/sciadv.aay6298},
 number={18},
 journal={Science Advances},
 publisher={American Association for the Advancement of Science (AAAS)},
 author={Butner, Joseph D. and Elganainy, Dalia and Wang, Charles X. and Wang, Zhihui and Chen, Shu-Hsia and Esnaola, Nestor F. and Pasqualini, Renata and Arap, Wadih and Hong, David S. and Welsh, James and Koay, Eugene J. and Cristini, Vittorio},
 year={2020},
 month={May} }

@article{Tsur2020,
 title={Response of patients with melanoma to immune checkpoint blockade – insights gleaned from analysis of a new mathematical mechanistic model},
 volume={485},
 ISSN={0022-5193},
 url={http://dx.doi.org/10.1016/j.jtbi.2019.110033},
 DOI={10.1016/j.jtbi.2019.110033},
 journal={Journal of Theoretical Biology},
 publisher={Elsevier BV},
 author={Tsur, N. and Kogan, Y. and Rehm, M. and Agur, Z.},
 year={2020},
 month={Jan},
 pages={110033} }

@article{Walker2016,
 title={From concept to clinic: Mathematically informed immunotherapy},
 volume={40},
 ISSN={0147-0272},
 url={http://dx.doi.org/10.1016/j.currproblcancer.2015.10.004},
 DOI={10.1016/j.currproblcancer.2015.10.004},
 number={1},
 journal={Current Problems in Cancer},
 publisher={Elsevier BV},
 author={Walker, Rachel and Enderling, Heiko},
 year={2016},
 month={Jan},
 pages={68–83} }

@article{Bekker2022,
 title={Rethinking the immunotherapy numbers game},
 volume={10},
 ISSN={2051-1426},
 url={http://dx.doi.org/10.1136/jitc-2022-005107},
 DOI={10.1136/jitc-2022-005107},
 number={7},
 journal={Journal for ImmunoTherapy of Cancer},
 publisher={BMJ},
 author={Bekker, Rebecca A and Zahid, Mohammad U and Binning, Jennifer M and Spring, Bryan Q and Hwu, Patrick and Pilon-Thomas, Shari and Enderling, Heiko},
 year={2022},
 month={Jul},
 pages={e005107} }

@article{Murphy2016,
 title={Differences in predictions of ODE models of tumor growth: a cautionary example},
 volume={16},
 ISSN={1471-2407},
 url={http://dx.doi.org/10.1186/s12885-016-2164-x},
 DOI={10.1186/s12885-016-2164-x},
 number={1},
 journal={BMC Cancer},
 publisher={Springer Science and Business Media LLC},
 author={Murphy, Hope and Jaafari, Hana and Dobrovolny, Hana M.},
 year={2016},
 month={Feb}
}

@article{West2001,
 title={A general model for ontogenetic growth},
 volume={413},
 ISSN={1476-4687},
 url={http://dx.doi.org/10.1038/35098076},
 DOI={10.1038/35098076},
 number={6856},
 journal={Nature},
 publisher={Springer Science and Business Media LLC},
 author={West, Geoffrey B. and Brown, James H. and Enquist, Brian J.},
 year={2001},
 month={Oct},
 pages={628–631} }

@article{Creemers2021,
 title={A tipping point in cancer-immune dynamics leads to divergent immunotherapy responses and hampers biomarker discovery},
 volume={9},
 ISSN={2051-1426},
 url={http://dx.doi.org/10.1136/jitc-2020-002032},
 DOI={10.1136/jitc-2020-002032},
 number={5},
 journal={Journal for ImmunoTherapy of Cancer},
 publisher={BMJ},
 author={Creemers, Jeroen H A and Lesterhuis, W Joost and Mehra, Niven and Gerritsen, Winald R and Figdor, Carl G and de Vries, I Jolanda M and Textor, Johannes},
 year={2021},
 month={May},
 pages={e002032} }

@article{deMiguel2020,
 title={Clinical Challenges of Immune Checkpoint Inhibitors},
 volume={38},
 ISSN={1535-6108},
 url={http://dx.doi.org/10.1016/j.ccell.2020.07.004},
 DOI={10.1016/j.ccell.2020.07.004},
 number={3},
 journal={Cancer Cell},
 publisher={Elsevier BV},
 author={de Miguel, Maria and Calvo, Emiliano},
 year={2020},
 month={Sep},
 pages={326–333} }

@article{Hwang2016,
 title={Failure of Investigational Drugs in Late-Stage Clinical Development and Publication of Trial Results},
 volume={176},
 ISSN={2168-6106},
 url={http://dx.doi.org/10.1001/jamainternmed.2016.6008},
 DOI={10.1001/jamainternmed.2016.6008},
 number={12},
 journal={JAMA Internal Medicine},
 publisher={American Medical Association (AMA)},
 author={Hwang, Thomas J. and Carpenter, Daniel and Lauffenburger, Julie C. and Wang, Bo and Franklin, Jessica M. and Kesselheim, Aaron S.},
 year={2016},
 month={Dec},
 pages={1826} }

@article{Upadhaya2020,
 title={Immuno-oncology drug development forges on despite COVID-19},
 volume={19},
 ISSN={1474-1784},
 url={http://dx.doi.org/10.1038/d41573-020-00166-1},
 DOI={10.1038/d41573-020-00166-1},
 number={11},
 journal={Nature Reviews Drug Discovery},
 publisher={Springer Science and Business Media LLC},
 author={Upadhaya, Samik and Hubbard-Lucey, Vanessa M. and Yu, Jia Xin},
 year={2020},
 month={Sep},
 pages={751–752} }


 @article{Dowden2019,
 title={Trends in clinical success rates and therapeutic focus},
 volume={18},
 ISSN={1474-1784},
 url={http://dx.doi.org/10.1038/d41573-019-00074-z},
 DOI={10.1038/d41573-019-00074-z},
 number={7},
 journal={Nature Reviews Drug Discovery},
 publisher={Springer Science and Business Media LLC},
 author={Dowden, Helen and Munro, Jamie},
 year={2019},
 month={May},
 pages={495–496} }

@article{
 Wong2018,
 title={Estimation of clinical trial success rates and related parameters},
 volume={20},
 ISSN={1468-4357},
 url={http://dx.doi.org/10.1093/biostatistics/kxx069},
 DOI={10.1093/biostatistics/kxx069},
 number={2},
 journal={Biostatistics},
 publisher={Oxford University Press (OUP)},
 author={Wong, Chi Heem and Siah, Kien Wei and Lo, Andrew W},
 year={2018},
 month={Jan},
 pages={273–286}
}

@article{Huseby2022,
 title={The perception and response of T cells to a changing
	environment are based on the law of initial value},
 volume={15},
 ISSN={1937-9145},
 url={http://dx.doi.org/10.1126/scisignal.abj9842},
 DOI={10.1126/scisignal.abj9842},
 number={736},
 journal={Science Signaling},
 publisher={American Association for the Advancement of Science (AAAS)},
 author={Huseby, Eric S. and Teixeiro, Emma},
 year={2022},
 month={May}
}

@article{Henderson2015,
  doi = {10.1016/j.immuni.2015.02.010},
  url = {https://doi.org/10.1016/j.immuni.2015.02.010},
  year = {2015},
  month = mar,
  publisher = {Elsevier {BV}},
  volume = {42},
  number = {3},
  pages = {471--483},
  author = {Jacob~G. Henderson and Adeleye Opejin and Andrew Jones and Cindy Gross and Daniel Hawiger},
  title = {{CD}5 Instructs Extrathymic Regulatory T Cell Development in Response to Self and Tolerizing Antigens},
  journal = {Immunity}
}

@incollection{Lo2014,
  doi = {10.1007/82_2013_319},
  url = {https://doi.org/10.1007/82_2013_319},
  year = {2014},
  publisher = {Springer Berlin Heidelberg},
  pages = {49--67},
  author = {Wan-Lin Lo and Paul M. Allen},
  title = {Self-Peptides in {TCR} Repertoire Selection and Peripheral T Cell Function},
  booktitle = {Thymic Development and Selection of T Lymphocytes}
}

@article{Eggert2021,
  doi = {10.1016/j.coi.2021.09.007},
  url = {https://doi.org/10.1016/j.coi.2021.09.007},
  year = {2021},
  month = dec,
  publisher = {Elsevier {BV}},
  volume = {73},
  pages = {43--49},
  author = {Joel Eggert and Byron B Au-Yeung},
  title = {Functional heterogeneity and adaptation of naive T cells in response to tonic {TCR} signals},
  journal = {Current Opinion in Immunology}
}

@article{Moran2011,
  doi = {10.1084/jem.20110308},
  url = {https://doi.org/10.1084/jem.20110308},
  year = {2011},
  month = may,
  publisher = {Rockefeller University Press},
  volume = {208},
  number = {6},
  pages = {1279--1289},
  author = {Amy E. Moran and Keli L. Holzapfel and Yan Xing and Nicole R. Cunningham and Jonathan S. Maltzman and Jennifer Punt and Kristin A. Hogquist},
  title = {T cell receptor signal strength in Treg and {iNKT} cell development demonstrated by a novel fluorescent reporter mouse},
  journal = {Journal of Experimental Medicine}
}

@article{Sood2019,
  doi = {10.1111/imcb.12287},
  url = {https://doi.org/10.1111/imcb.12287},
  year = {2019},
  month = sep,
  publisher = {Wiley},
  volume = {97},
  number = {10},
  pages = {931--940},
  author = {Aditi Sood and Marie-{\`{E}}ve Lebel and Marilaine Fournier and Dakota Rogers and Judith N Mandl and Heather J Melichar},
  title = {Differential interferon-gamma production potential among naïve
		            {CD4}\textsuperscript{+}
		            T cells exists prior to antigen encounter},
  journal = {Immunology \& Cell Biology}
}

@article{Persaud2014,
  doi = {10.1038/ni.2822},
  url = {https://doi.org/10.1038/ni.2822},
  year = {2014},
  month = feb,
  publisher = {Springer Science and Business Media {LLC}},
  volume = {15},
  number = {3},
  pages = {266--274},
  author = {Stephen P Persaud and Chelsea R Parker and Wan-Lin Lo and K Scott Weber and Paul M Allen},
  title = {Intrinsic {CD}4\textsuperscript{+} T cell sensitivity and response to a pathogen are set and sustained by avidity for thymic and peripheral complexes of self peptide and {MHC}},
  journal = {Nature Immunology}
}

@article{Matson2020,
  doi = {10.1073/pnas.1922525117},
  url = {https://doi.org/10.1073/pnas.1922525117},
  year = {2020},
  month = jun,
  publisher = {Proceedings of the National Academy of Sciences},
  volume = {117},
  number = {25},
  pages = {14342--14353},
  author = {Courtney A. Matson and Seeyoung Choi and Ferenc Livak and Bin Zhao and Apratim Mitra and Paul E. Love and Nevil J. Singh},
  title = {{CD}5 dynamically calibrates basal {NF}-$\upkappa$B signaling in T cells during thymic development and peripheral activation},
  journal = {Proceedings of the National Academy of Sciences}
}

@article{Azzam1998,
  doi = {10.1084/jem.188.12.2301},
  url = {https://doi.org/10.1084/jem.188.12.2301},
  year = {1998},
  month = dec,
  publisher = {Rockefeller University Press},
  volume = {188},
  number = {12},
  pages = {2301--2311},
  author = {Hala S. Azzam and Alex Grinberg and Kin Lui and Howard Shen and Elizabeth W. Shores and Paul E. Love},
  title = {{CD}5 Expression Is Developmentally Regulated By T Cell Receptor ({TCR}) Signals and {TCR} Avidity},
  journal = {Journal of Experimental Medicine}
}

@article{Martin2013,
  doi = {10.1038/ncomms3209},
  url = {https://doi.org/10.1038/ncomms3209},
  year = {2013},
  month = jul,
  publisher = {Springer Science and Business Media {LLC}},
  volume = {4},
  number = {1},
  author = {Bruno Martin and C{\'{e}}dric Auffray and Arnaud Delpoux and Arnaud Pommier and Aur{\'{e}}lie Durand and C{\'{e}}line Charvet and Philippe Yakonowsky and Hubert de Boysson and Nelly Bonilla and Alexandra Audemard and Tim Sparwasser and Benoit L. Salomon and Bernard Malissen and Bruno Lucas},
  title = {Highly self-reactive naive {CD}4 T cells are prone to differentiate into regulatory T cells},
  journal = {Nature Communications}
}

@article{Venturi2008,
  doi = {10.1038/nri2260},
  url = {https://doi.org/10.1038/nri2260},
  year = {2008},
  month = mar,
  publisher = {Springer Science and Business Media {LLC}},
  volume = {8},
  number = {3},
  pages = {231--238},
  author = {Vanessa Venturi and David A. Price and Daniel C. Douek and Miles P. Davenport},
  title = {The molecular basis for public T-cell responses?},
  journal = {Nature Reviews Immunology}
}

@article{Kedzierska2008,
  doi = {10.4049/jimmunol.181.4.2556},
  url = {https://doi.org/10.4049/jimmunol.181.4.2556},
  year = {2008},
  month = aug,
  publisher = {The American Association of Immunologists},
  volume = {181},
  number = {4},
  pages = {2556--2562},
  author = {Katherine Kedzierska and Paul G. Thomas and Vanessa Venturi and Miles P. Davenport and Peter C. Doherty and Stephen J. Turner and Nicole L. La Gruta},
  title = {Terminal Deoxynucleotidyltransferase Is Required for the Establishment of Private Virus-Specific {CD}8\textsuperscript{+} {TCR} Repertoires and Facilitates Optimal {CTL} Responses},
  journal = {The Journal of Immunology}
}

@article{Cabaniols2001,
  doi = {10.1084/jem.194.9.1385},
  url = {https://doi.org/10.1084/jem.194.9.1385},
  year = {2001},
  month = nov,
  publisher = {Rockefeller University Press},
  volume = {194},
  number = {9},
  pages = {1385--1390},
  author = {Jean-Pierre Cabaniols and Nicolas Fazilleau and Armanda Casrouge and Philippe Kourilsky and Jean M. Kanellopoulos},
  title = {Most $\upalpha$/$\upbeta$ T Cell Receptor Diversity Is Due to Terminal Deoxynucleotidyl Transferase},
  journal = {Journal of Experimental Medicine}
}


@article{Bradley2019,
  doi = {10.1146/annurev-immunol-042718-041757},
  url = {https://doi.org/10.1146/annurev-immunol-042718-041757},
  year = {2019},
  month = apr,
  publisher = {Annual Reviews},
  volume = {37},
  number = {1},
  pages = {547--570},
  author = {Philip Bradley and Paul G. Thomas},
  title = {Using T Cell Receptor Repertoires to Understand the Principles of Adaptive Immune Recognition},
  journal = {Annual Review of Immunology}
}

@article{Fazilleau2004,
  doi = {10.4049/jimmunol.174.1.345},
  url = {https://doi.org/10.4049/jimmunol.174.1.345},
  year = {2004},
  month = dec,
  publisher = {The American Association of Immunologists},
  volume = {174},
  number = {1},
  pages = {345--355},
  author = {Nicolas Fazilleau and Jean-Pierre Cabaniols and Fabrice Lema{\^{\i}}tre and Iris Motta and Philippe Kourilsky and Jean M. Kanellopoulos},
  title = {V$\upalpha$ and V$\upbeta$ Public Repertoires Are Highly Conserved in Terminal Deoxynucleotidyl Transferase-Deficient Mice},
  journal = {The Journal of Immunology}
}

@article{Fulton2015,
  doi = {10.1038/ni.3043},
  url = {https://doi.org/10.1038/ni.3043},
  year = {2015},
  month = jan,
  publisher = {Springer Science and Business Media {LLC}},
  volume = {16},
  number = {1},
  pages = {107--117},
  author = {Ross B Fulton and Sara E Hamilton and Yan Xing and J Adam Best and Ananda W Goldrath and Kristin A Hogquist and Stephen C Jameson},
  title = {The {TCR}{\textquotesingle}s sensitivity to self peptide{\textendash}{MHC} dictates the ability of naive {CD}8\textsuperscript{+} T cells to respond to foreign antigens},
  journal = {Nature Immunology}
}

@article{Dash2017,
  doi = {10.1038/nature22383},
  url = {https://doi.org/10.1038/nature22383},
  year = {2017},
  month = jun,
  publisher = {Springer Science and Business Media {LLC}},
  volume = {547},
  number = {7661},
  pages = {89--93},
  author = {Pradyot Dash and Andrew J. Fiore-Gartland and Tomer Hertz and George C. Wang and Shalini Sharma and Aisha Souquette and Jeremy Chase Crawford and E. Bridie Clemens and Thi H. O. Nguyen and Katherine Kedzierska and Nicole L. La Gruta and Philip Bradley and Paul G. Thomas},
  title = {Quantifiable predictive features define epitope-specific T cell receptor repertoires},
  journal = {Nature}
}

@article{Glanville2017,
  doi = {10.1038/nature22976},
  url = {https://doi.org/10.1038/nature22976},
  year = {2017},
  month = jun,
  publisher = {Springer Science and Business Media {LLC}},
  volume = {547},
  number = {7661},
  pages = {94--98},
  author = {Jacob Glanville and Huang Huang and Allison Nau and Olivia Hatton and Lisa E. Wagar and Florian Rubelt and Xuhuai Ji and Arnold Han and Sheri M. Krams and Christina Pettus and Nikhil Haas and Cecilia S. Lindestam Arlehamn and Alessandro Sette and Scott D. Boyd and Thomas J. Scriba and Olivia M. Martinez and Mark M. Davis},
  title = {Identifying specificity groups in the T cell receptor repertoire},
  journal = {Nature}
}

@article{ZinzowKramer2019,
  doi = {10.1073/pnas.1904096116},
  url = {https://doi.org/10.1073/pnas.1904096116},
  year = {2019},
  month = jul,
  publisher = {Proceedings of the National Academy of Sciences},
  volume = {116},
  number = {30},
  pages = {15160--15169},
  author = {Wendy M. Zinzow-Kramer and Arthur Weiss and Byron B. Au-Yeung},
  title = {Adaptation by naïve {CD}4\textsuperscript{+}
		        T cells to self-antigen-dependent {TCR}
				signaling induces functional heterogeneity and tolerance},
  journal = {Proceedings of the National Academy of Sciences}
}

@article{Rogers2021,
  doi = {10.1016/j.celrep.2021.110064},
  url = {https://doi.org/10.1016/j.celrep.2021.110064},
  year = {2021},
  publisher = {Elsevier {BV}},
  volume = {37},
  number = {9},
  pages = {110064},
  author = {Dakota Rogers and Aditi Sood and HanChen Wang and Jasper J.P. van Beek and Thomas J. Rademaker and Patricio Artusa and Caitlin Schneider and Connie Shen and Dylan C. Wong and Aanya Bhagrath and Marie-{\`{E}}ve Lebel and Stephanie A. Condotta and Martin J. Richer and Andrew J. Martins and John S. Tsang and Luis B. Barreiro and Paul Fran{\c{c}}ois and David Langlais and Heather J. Melichar and Johannes Textor and Judith N. Mandl},
  title = {Pre-existing chromatin accessibility and gene expression
		differences among naive {CD}4\textsuperscript{+}
		T~cells influence effector potential},
  journal = {Cell Reports}
}


@article{Sood2021,
  doi = {10.1002/eji.202048788},
  url = {https://doi.org/10.1002/eji.202048788},
  year = {2021},
  publisher = {Wiley},
  volume = {51},
  number = {6},
  pages = {1365--1376},
  author = {Aditi Sood and Marie-{\`{E}}ve Lebel and Mengqi Dong and Marilaine Fournier and Suzanne J. Vobecky and {\'{E}}lie Haddad and Jean-S{\'{e}}bastien Delisle and Judith N. Mandl and Nienke Vrisekoop and Heather J. Melichar},
  title = {{CD}5 levels define functionally heterogeneous populations of naïve human {CD}4\textsuperscript{+} T cells},
  journal = {European Journal of Immunology}
}

@article{Vrisekoop2014,
  doi = {10.1016/j.immuni.2014.07.007},
  url = {https://doi.org/10.1016/j.immuni.2014.07.007},
  year = {2014},
  month = aug,
  publisher = {Elsevier {BV}},
  volume = {41},
  number = {2},
  pages = {181--190},
  author = {Nienke Vrisekoop and Jo{\~{a}}o~P. Monteiro and Judith~N. Mandl and Ronald~N. Germain},
  title = {Revisiting Thymic Positive Selection and the Mature T Cell Repertoire for Antigen},
  journal = {Immunity}
}

@article{Zarnitsyna2013,
  doi = {10.3389/fimmu.2013.00485},
  url = {https://doi.org/10.3389/fimmu.2013.00485},
  year = {2013},
  publisher = {Frontiers Media {SA}},
  volume = {4},
  author = {Veronika I. Zarnitsyna and Brian D. Evavold and Louis N. Schoettle and Joseph N. Blattman and Rustom Antia},
  title = {Estimating the Diversity,  Completeness,  and Cross-Reactivity of the T Cell Repertoire},
  journal = {Frontiers in Immunology}
}

@article{Davis1988,
  doi = {10.1038/334395a0},
  url = {https://doi.org/10.1038/334395a0},
  year = {1988},
  month = aug,
  publisher = {Springer Science and Business Media {LLC}},
  volume = {334},
  number = {6181},
  pages = {395--402},
  author = {Mark M. Davis and Pamela J. Bjorkman},
  title = {T-cell antigen receptor genes and T-cell recognition},
  journal = {Nature}
}

@article{Schatz2011,
  doi = {10.1038/nri2941},
  url = {https://doi.org/10.1038/nri2941},
  year = {2011},
  month = mar,
  publisher = {Springer Science and Business Media {LLC}},
  volume = {11},
  number = {4},
  pages = {251--263},
  author = {David G. Schatz and Yanhong Ji},
  title = {Recombination centres and the orchestration of V(D)J recombination},
  journal = {Nature Reviews Immunology}
}

@article{Gilfillan1993,
  doi = {10.1126/science.8356452},
  url = {https://doi.org/10.1126/science.8356452},
  year = {1993},
  month = aug,
  publisher = {American Association for the Advancement of Science ({AAAS})},
  volume = {261},
  number = {5125},
  pages = {1175--1178},
  author = {Susan Gilfillan and Andr{\'{e}}e Dierich and Marianne Lemeur and Christophe Benoist and Diane Mathis},
  title = {Mice Lacking {TdT}: Mature Animals with an Immature Lymphocyte Repertoire},
  journal = {Science}
}

@article{Motea2010,
  doi = {10.1016/j.bbapap.2009.06.030},
  url = {https://doi.org/10.1016/j.bbapap.2009.06.030},
  year = {2010},
  month = may,
  publisher = {Elsevier {BV}},
  volume = {1804},
  number = {5},
  pages = {1151--1166},
  author = {Edward A. Motea and Anthony J. Berdis},
  title = {Terminal deoxynucleotidyl transferase: The story of a misguided {DNA} polymerase},
  journal = {Biochimica et Biophysica Acta ({BBA}) - Proteins and Proteomics}
}

@article{Mandl2013,
  doi = {10.1016/j.immuni.2012.09.011},
  url = {https://doi.org/10.1016/j.immuni.2012.09.011},
  year = {2013},
  month = feb,
  publisher = {Elsevier {BV}},
  volume = {38},
  number = {2},
  pages = {263--274},
  author = {Judith~N. Mandl and Jo{\~{a}}o~P. Monteiro and Nienke Vrisekoop and Ronald~N. Germain},
  title = {T Cell-Positive Selection Uses Self-Ligand Binding Strength to Optimize Repertoire Recognition of Foreign Antigens},
  journal = {Immunity}
}

@article{Koncz2021,
  doi = {10.1073/pnas.2100542118},
  url = {https://doi.org/10.1073/pnas.2100542118},
  year = {2021},
  month = sep,
  publisher = {Proceedings of the National Academy of Sciences},
  volume = {118},
  number = {37},
  author = {Bal{\'{a}}zs Koncz and Gerg{\H{o}} M. Balogh and Benjamin T. Papp and Le{\'{o}} Asztalos and Lajos Kem{\'{e}}ny and M{\'{a}}t{\'{e}} Manczinger},
  title = {Self-mediated positive selection of T cells sets an obstacle to the recognition of nonself},
  journal = {Proceedings of the National Academy of Sciences}
}

@article{Wortel2020,
  doi = {10.3390/cells9030690},
  url = {https://doi.org/10.3390/cells9030690},
  year = {2020},
  month = mar,
  publisher = {{MDPI} {AG}},
  volume = {9},
  number = {3},
  pages = {690},
  author = {Inge M. N. Wortel and Can Ke{\c{s}}mir and Rob J. de Boer and Judith N. Mandl and Johannes Textor},
  title = {Is T Cell Negative Selection a Learning Algorithm?},
  journal = {Cells}
}

@article{Ebert2009,
  doi = {10.1038/ni.1797},
  url = {https://doi.org/10.1038/ni.1797},
  year = {2009},
  month = oct,
  publisher = {Springer Science and Business Media {LLC}},
  volume = {10},
  number = {11},
  pages = {1162--1169},
  author = {Peter J R Ebert and Shan Jiang and Jianming Xie and Qi-Jing Li and Mark M Davis},
  title = {An endogenous positively selecting peptide enhances mature T cell responses and becomes an autoantigen in the absence of {microRNA} {miR}-181a},
  journal = {Nature Immunology}
}

@article{Lo2009,
  doi = {10.1038/ni.1796},
  url = {https://doi.org/10.1038/ni.1796},
  year = {2009},
  month = oct,
  publisher = {Springer Science and Business Media {LLC}},
  volume = {10},
  number = {11},
  pages = {1155--1161},
  author = {Wan-Lin Lo and Nathan J Felix and James J Walters and Henry Rohrs and Michael L Gross and Paul M Allen},
  title = {An endogenous peptide positively selects and augments the activation and survival of peripheral {CD}4\textsuperscript{+} T cells},
  journal = {Nature Immunology}
}



@article{Garcia2005,
  doi = {10.1016/j.cell.2005.07.015},
  url = {https://doi.org/10.1016/j.cell.2005.07.015},
  year = {2005},
  month = aug,
  publisher = {Elsevier {BV}},
  volume = {122},
  number = {3},
  pages = {333--336},
  author = {K. Christopher Garcia and Erin J. Adams},
  title = {How the T Cell Receptor Sees Antigen{\textemdash}A Structural View},
  journal = {Cell}
}

@article{Murugan2012,
  doi = {10.1073/pnas.1212755109},
  url = {https://doi.org/10.1073/pnas.1212755109},
  year = {2012},
  month = sep,
  publisher = {Proceedings of the National Academy of Sciences},
  volume = {109},
  number = {40},
  pages = {16161--16166},
  author = {Anand Murugan and Thierry Mora and Aleksandra M. Walczak and Curtis G. Callan},
  title = {Statistical inference of the generation probability of T-cell receptors from sequence repertoires},
  journal = {Proceedings of the National Academy of Sciences}
}

@article{Yu1999,
  doi = {10.1038/23287},
  url = {https://doi.org/10.1038/23287},
  year = {1999},
  month = aug,
  publisher = {Springer Science and Business Media {LLC}},
  volume = {400},
  number = {6745},
  pages = {682--687},
  author = {Wong Yu and Hitoshi Nagaoka and Mila Jankovic and Ziva Misulovin and Heikyung Suh and Antonius Rolink and Fritz Melchers and Eric Meffre and Michel C. Nussenzweig},
  title = {Continued {RAG} expression in late stages of B cell development and no apparent re-induction after immunizion},
  journal = {Nature}
}

@article{Davidsen2019,
  doi = {10.7554/elife.46935},
  url = {https://doi.org/10.7554/elife.46935},
  year = {2019},
  month = sep,
  publisher = {{eLife} Sciences Publications,  Ltd},
  volume = {8},
  author = {Kristian Davidsen and Branden J Olson and William S DeWitt and Jean Feng and Elias Harkins and Philip Bradley and Frederick A Matsen},
  title = {Deep generative models for T cell receptor protein sequences},
  journal = {{eLife}}
}

@article{Loprinzi1994,
  doi = {10.1200/jco.1994.12.3.601},
  url = {https://doi.org/10.1200/jco.1994.12.3.601},
  year = {1994},
  month = mar,
  publisher = {American Society of Clinical Oncology ({ASCO})},
  volume = {12},
  number = {3},
  pages = {601--607},
  author = {C L Loprinzi and J A Laurie and H S Wieand and J E Krook and P J Novotny and J W Kugler and J Bartel and M Law and M Bateman and N E Klatt},
  title = {Prospective evaluation of prognostic variables from patient-completed questionnaires. North Central Cancer Treatment Group.},
  journal = {Journal of Clinical Oncology}
}

@article{Maio2015,
  doi = {10.1200/jco.2014.56.6018},
  url = {https://doi.org/10.1200/jco.2014.56.6018},
  year = {2015},
  month = apr,
  publisher = {American Society of Clinical Oncology ({ASCO})},
  volume = {33},
  number = {10},
  pages = {1191--1196},
  author = {Michele Maio and Jean-Jacques Grob and Steinar Aamdal and Igor Bondarenko and Caroline Robert and Luc Thomas and Claus Garbe and Vanna Chiarion-Sileni and Alessandro Testori and Tai-Tsang Chen and Marina Tschaika and Jedd D. Wolchok},
  title = {Five-Year Survival Rates for Treatment-Naive Patients With Advanced Melanoma Who Received Ipilimumab Plus Dacarbazine in a Phase {III} Trial},
  journal = {Journal of Clinical Oncology}
}

@article{Ascierto2019,
  doi = {10.1001/jamaoncol.2018.4514},
  url = {https://doi.org/10.1001/jamaoncol.2018.4514},
  year = {2019},
  month = feb,
  publisher = {American Medical Association ({AMA})},
  volume = {5},
  number = {2},
  pages = {187},
  author = {Paolo A. Ascierto and Georgina V. Long and Caroline Robert and Benjamin Brady and Caroline Dutriaux and Anna Maria Di Giacomo and Laurent Mortier and Jessica C. Hassel and Piotr Rutkowski and Catriona McNeil and Ewa Kalinka-Warzocha and Kerry J. Savage and Micaela M. Hernberg and Celeste Lebb{\'{e}} and Julie Charles and Catalin Mihalcioiu and Vanna Chiarion-Sileni and Cornelia Mauch and Francesco Cognetti and Lars Ny and Ana Arance and Inge Marie Svane and Dirk Schadendorf and Helen Gogas and Abdel Saci and Joel Jiang and Jasmine Rizzo and Victoria Atkinson},
  title = {Survival Outcomes in Patients With Previously Untreated BRAF Wild-Type Advanced Melanoma Treated With Nivolumab Therapy: Three-Year Follow-up of a Randomized Phase 3 Trial},
  journal = {{JAMA} Oncology}
}

@article{Chen2016,
  doi = {10.1186/s12874-016-0117-3},
  url = {https://doi.org/10.1186/s12874-016-0117-3},
  year = {2016},
  month = feb,
  publisher = {Springer Science and Business Media {LLC}},
  volume = {16},
  number = {1},
  author = {Tai-Tsang Chen},
  title = {Predicting analysis times in randomized clinical trials with cancer immunotherapy},
  journal = {{BMC} Medical Research Methodology}
}

@article{Alfonso2020,
  doi = {10.1063/5.0019556},
  url = {https://doi.org/10.1063/5.0019556},
  year = {2020},
  month = dec,
  publisher = {{AIP} Publishing},
  volume = {30},
  number = {12},
  pages = {123128},
  author = {Sofia Alfonso and Adrianne L. Jenner and Morgan Craig},
  title = {Translational approaches to treating dynamical diseases through in silico clinical trials},
  journal = {Chaos: An Interdisciplinary Journal of Nonlinear Science}
}

@article{Carlier2018,
  doi = {10.1038/s41598-018-20737-y},
  url = {https://doi.org/10.1038/s41598-018-20737-y},
  year = {2018},
  month = feb,
  publisher = {Springer Science and Business Media {LLC}},
  volume = {8},
  number = {1},
  author = {A. Carlier and A. Vasilevich and M. Marechal and J. de Boer and L. Geris},
  title = {In silico clinical trials for pediatric orphan diseases},
  journal = {Scientific Reports}
}

@article{Klinke2007,
  doi = {10.1007/s10439-007-9410-y},
  url = {https://doi.org/10.1007/s10439-007-9410-y},
  year = {2007},
  month = nov,
  publisher = {Springer Science and Business Media {LLC}},
  volume = {36},
  number = {2},
  pages = {321--334},
  author = {David J. Klinke},
  title = {Integrating Epidemiological Data into a Mechanistic Model of Type 2 Diabetes: Validating the Prevalence of Virtual Patients},
  journal = {Annals of Biomedical Engineering}
}

@article{Schmidt2013,
  doi = {10.1186/1471-2105-14-221},
  url = {https://doi.org/10.1186/1471-2105-14-221},
  year = {2013},
  month = jul,
  publisher = {Springer Science and Business Media {LLC}},
  volume = {14},
  number = {1},
  author = {Brian J Schmidt and Fergal P Casey and Thomas Paterson and Jason R Chan},
  title = {Alternate virtual populations elucidate the type I interferon signature predictive of the response to rituximab in rheumatoid arthritis},
  journal = {{BMC} Bioinformatics}
}

@article{Brown2015,
  doi = {10.1126/scitranslmed.aaa3636},
  url = {https://doi.org/10.1126/scitranslmed.aaa3636},
  year = {2015},
  month = apr,
  publisher = {American Association for the Advancement of Science ({AAAS})},
  volume = {7},
  number = {285},
  author = {David Brown and Rami A. Namas and Khalid Almahmoud and Akram Zaaqoq and Joydeep Sarkar and Derek A. Barclay and Jinling Yin and Ali Ghuma and Andrew Abboud and Gregory Constantine and Gary Nieman and Ruben Zamora and Steven C. Chang and Timothy R. Billiar and Yoram Vodovotz},
  title = {Trauma in silico: Individual-specific mathematical models and virtual clinical populations},
  journal = {Science Translational Medicine}
}

@article{PrezGarca2019,
  doi = {10.1371/journal.pcbi.1006778},
  url = {https://doi.org/10.1371/journal.pcbi.1006778},
  year = {2019},
  month = jul,
  publisher = {Public Library of Science ({PLoS})},
  volume = {15},
  number = {7},
  pages = {e1006778},
  author = {V{\'{\i}}ctor M. P{\'{e}}rez-Garc{\'{\i}}a and Luis E. Ayala-Hern{\'{a}}ndez and Juan Belmonte-Beitia and Philippe Schucht and Michael Murek and Andreas Raabe and Juan Sep{\'{u}}lveda},
  editor = {James Gallo},
  title = {Computational design of improved standardized chemotherapy protocols for grade {II} oligodendrogliomas},
  journal = {{PLOS} Computational Biology}
}

@article{Fassoni2018,
  doi = {10.3324/haematol.2018.194522},
  url = {https://doi.org/10.3324/haematol.2018.194522},
  year = {2018},
  month = jun,
  publisher = {Ferrata Storti Foundation (Haematologica)},
  volume = {103},
  number = {11},
  pages = {1825--1834},
  author = {Artur C. Fassoni and Christoph Baldow and Ingo Roeder and Ingmar Glauche},
  title = {Reduced tyrosine kinase inhibitor dose is predicted to be as effective as standard dose in chronic myeloid leukemia: a simulation study based on phase {III} trial data},
  journal = {Haematologica}
}

@article{Jafarnejad2019,
  doi = {10.1208/s12248-019-0350-x},
  url = {https://doi.org/10.1208/s12248-019-0350-x},
  year = {2019},
  month = jun,
  publisher = {Springer Science and Business Media {LLC}},
  volume = {21},
  number = {5},
  author = {Mohammad Jafarnejad and Chang Gong and Edward Gabrielson and Imke H. Bartelink and Paolo Vicini and Bing Wang and Rajesh Narwal and Lorin Roskos and Aleksander S. Popel},
  title = {A Computational Model of Neoadjuvant {PD}-1 Inhibition in Non-Small Cell Lung Cancer},
  journal = {The {AAPS} Journal}
}

@article{Milberg2019,
  doi = {10.1038/s41598-019-47802-4},
  url = {https://doi.org/10.1038/s41598-019-47802-4},
  year = {2019},
  month = aug,
  publisher = {Springer Science and Business Media {LLC}},
  volume = {9},
  number = {1},
  author = {Oleg Milberg and Chang Gong and Mohammad Jafarnejad and Imke H. Bartelink and Bing Wang and Paolo Vicini and Rajesh Narwal and Lorin Roskos and Aleksander S. Popel},
  title = {A {QSP} Model for Predicting Clinical Responses to Monotherapy,  Combination and Sequential Therapy Following {CTLA}-4,  {PD}-1,  and {PD}-L1 Checkpoint Blockade},
  journal = {Scientific Reports}
}

@article{Bang2005,
  doi = {10.1080/10543400500265710},
  url = {https://doi.org/10.1080/10543400500265710},
  year = {2005},
  month = nov,
  publisher = {Informa {UK} Limited},
  volume = {15},
  number = {6},
  pages = {957--967},
  author = {Heejung Bang and Sin-Ho Jung and Stephen L. George},
  title = {Sample Size Calculation for Simulation-Based Multiple-Testing Procedures},
  journal = {Journal of Biopharmaceutical Statistics}
}

@article{Doostfatemeh2016,
  doi = {10.1016/j.jval.2016.03.1857},
  url = {https://doi.org/10.1016/j.jval.2016.03.1857},
  year = {2016},
  month = jul,
  publisher = {Elsevier {BV}},
  volume = {19},
  number = {5},
  pages = {639--647},
  author = {Marziyeh Doostfatemeh and Seyyed Mohammad Taghi Ayatollah and Peyman Jafari},
  title = {Power and Sample Size Calculations in Clinical Trials with Patient-Reported Outcomes under Equal and Unequal Group Sizes Based on Graded Response Model: A Simulation Study},
  journal = {Value in Health}
}

@article{Wilson2020,
  doi = {10.1177/0962280220975790},
  url = {https://doi.org/10.1177/0962280220975790},
  year = {2020},
  month = dec,
  publisher = {{SAGE} Publications},
  volume = {30},
  number = {3},
  pages = {799--815},
  author = {Duncan T Wilson and Richard Hooper and Julia Brown and Amanda J Farrin and Rebecca EA Walwyn},
  title = {Efficient and flexible simulation-based sample size determination for clinical trials with multiple design parameters},
  journal = {Statistical Methods in Medical Research}
}

@article{Magnusson2017,
  doi = {10.1007/s40263-017-0416-1},
  url = {https://doi.org/10.1007/s40263-017-0416-1},
  year = {2017},
  month = mar,
  publisher = {Springer Science and Business Media {LLC}},
  volume = {31},
  number = {4},
  pages = {273--288},
  author = {Mats O. Magnusson and Mahesh N. Samtani and Elodie L. Plan and E. Niclas Jonsson and Stefaan Rossenu and An Vermeulen and Alberto Russu},
  title = {Dosing and Switching Strategies for Paliperidone Palmitate 3-Month Formulation in Patients with Schizophrenia Based on Population Pharmacokinetic Modeling and Simulation,  and Clinical Trial Data},
  journal = {{CNS} Drugs}
}

@article{Wang2019,
  doi = {10.1098/rsos.190366},
  url = {https://doi.org/10.1098/rsos.190366},
  year = {2019},
  month = may,
  publisher = {The Royal Society},
  volume = {6},
  number = {5},
  pages = {190366},
  author = {Hanwen Wang and Oleg Milberg and Imke H. Bartelink and Paolo Vicini and Bing Wang and Rajesh Narwal and Lorin Roskos and Cesar A. Santa-Maria and Aleksander S. Popel},
  title = {In silico simulation of a clinical trial with anti-CTLA-4 and anti-PD-L1 immunotherapies in metastatic breast cancer using a systems pharmacology model},
  journal = {Royal Society Open Science}
}
